@book{kee2005chemically,
  title={Chemically reacting flow: theory and practice},
  author={Kee, Robert J and Coltrin, Michael E and Glarborg, Peter},
  year={2005},
  publisher={John Wiley \& Sons}
}

@techreport{larson1996plug,
  title={PLUG: A Fortran program for the analysis of plug flow reactors with gas-phase and surface chemistry},
  author={Larson, Richard S},
  year={1996},
  institution={Sandia Labs., Livermore, CA (United States)}
}
@techreport{coltrin1991surface,
  title={Surface CHEMKIN (Version 4. 0): A Fortran package for analyzing heterogeneous chemical kinetics at a solid-surface---gas-phase interface},
  author={Coltrin, Michael E and Kee, Robert J and Rupley, FM},
  year={1991},
  institution={Sandia National Labs., Livermore, CA (United States)}
}
@article{bird2002transport,
  title={Transport phenomena},
  author={Bird, R Byron},
  journal={Applied Mechanics Reviews},
  volume={55},
  number={1},
  pages={R1--R4},
  year={2002},
  publisher={American Society of Mechanical Engineers}
}